<record><leader>00000cas a22000007a 4500</leader><controlfield tag="001">24165657</controlfield><controlfield tag="008">910801d19711972ohumr ne      0    0eng d</controlfield><datafield ind1=" " ind2=" " tag="010"><subfield code="a">sn 91069273 </subfield></datafield><datafield ind1=" " ind2=" " tag="040"><subfield code="a">ONP</subfield><subfield code="b">eng</subfield><subfield code="c">ONP</subfield><subfield code="d">OCLCQ</subfield></datafield><datafield ind1=" " ind2=" " tag="042"><subfield code="a">msc</subfield></datafield><datafield ind1="0" ind2="0" tag="245"><subfield code="a">Spotlight on Lorain County.</subfield></datafield><datafield ind1=" " ind2=" " tag="260"><subfield code="a">Elyria, Ohio :</subfield><subfield code="b">Evans Pub. Division of Evans Graphics,</subfield><subfield code="c">1971- 1972.</subfield></datafield><datafield ind1=" " ind2=" " tag="300"><subfield code="a">v.</subfield></datafield><datafield ind1=" " ind2=" " tag="310"><subfield code="a">Monthly</subfield></datafield><datafield ind1="0" ind2=" " tag="362"><subfield code="a">No. 1 (Nov. 1971)-no. 5 (Feb. 1972).</subfield></datafield><datafield ind1=" " ind2=" " tag="752"><subfield code="a">United States</subfield><subfield code="b">Ohio</subfield><subfield code="c">Lorain</subfield><subfield code="d">Elyria.</subfield></datafield></record>